<record xmlns="http://www.loc.gov/MARC21/slim" xmlns:xsi="http://www.w3.org/2001/XMLSchema-instance" xsi:schemaLocation="http://www.loc.gov/MARC21/slim http://www.loc.gov/standards/marcxml/schema/MARC21slim.xsd"><leader>01195cz   2200265n  4500</leader><controlfield tag="001">oca02630741 </controlfield><controlfield tag="005">19950321060505.7</controlfield><controlfield tag="008">891106n| acannaab|          |a aaa |||  </controlfield><datafield ind1=" " ind2=" " tag="010"><subfield code="a">n  88170355 </subfield></datafield><datafield ind1=" " ind2=" " tag="040"><subfield code="a">DLC</subfield><subfield code="c">DLC</subfield><subfield code="d">DLC</subfield><subfield code="d">InU</subfield></datafield><datafield ind1="1" ind2=" " tag="100"><subfield code="a">Manasses, Constantine,</subfield><subfield code="d">d. 1187</subfield></datafield><datafield ind1="1" ind2=" " tag="400"><subfield code="a">Manasses, Constantinus,</subfield><subfield code="d">12th cent.</subfield><subfield code="w">nnaa</subfield></datafield><datafield ind1="1" ind2=" " tag="400"><subfield code="a">Manasses, Constantinus,</subfield><subfield code="d">d. 1187</subfield></datafield><datafield ind1="1" ind2=" " tag="400"><subfield code="a">Manassiiï¸&#160;aï¸¡, Konstantin,</subfield><subfield code="d">d. 1187</subfield></datafield><datafield ind1="1" ind2=" " tag="400"><subfield code="a">ManasseÌ&#x84;s, KoÌ&#x84;nstantinos,</subfield><subfield code="d">d. 1187</subfield></datafield><datafield ind1="1" ind2=" " tag="400"><subfield code="a">Manasi, Konstantin,</subfield><subfield code="d">d. 1187</subfield></datafield><datafield ind1="1" ind2=" " tag="400"><subfield code="a">ManasiiÌ&#x86;, Konstantin,</subfield><subfield code="d">d. 1187</subfield></datafield><datafield ind1="1" ind2=" " tag="400"><subfield code="a">Manassi, Constantin,</subfield><subfield code="d">d. 1187</subfield></datafield><datafield ind1="1" ind2=" " tag="400"><subfield code="a">Manasse, Costantino,</subfield><subfield code="d">d. 1187</subfield></datafield><datafield ind1=" " ind2=" " tag="670"><subfield code="a">SrednebolgarskiiÌ&#x86; perevod khroniki Konstantina Manassii v slaviï¸&#160;aï¸¡nskikh literaturakh, 1988.</subfield></datafield><datafield ind1=" " ind2=" " tag="670"><subfield code="a">LC manual catalog, 10-26-89</subfield><subfield code="b">(Manasses, Constantinus, 12th cent.)</subfield></datafield><datafield ind1=" " ind2=" " tag="670"><subfield code="a">Papyros Larous</subfield><subfield code="b">(ManasseÌ&#x84;s, KoÌ&#x84;nstantinos, 12th cent.)</subfield></datafield><datafield ind1=" " ind2=" " tag="670"><subfield code="a">Encycl. Brit.</subfield><subfield code="b">(Manasses, Constantine, d. 1187)</subfield></datafield><datafield ind1=" " ind2=" " tag="670"><subfield code="a">Khronikata na Konstantin Manasi, 1992:</subfield><subfield code="b">leaf facing t.p. (Konstantina Manasiiï¸&#160;aï¸¡; Constantin Manassi [in rom.])</subfield></datafield><datafield ind1=" " ind2=" " tag="670"><subfield code="a">Il Romanzo bizantino del XII secolo, 1994:</subfield><subfield code="b">t.p. (Costantino Manasse)</subfield></datafield></record>